
@misc{dizdar_dns_2021,
  title      = {{DNS} {Amplification} {Attack}: {How} they {Work}, {Detection} and {Mitigation}},
  shorttitle = {{DNS} {Amplification} {Attack}},
  url        = {https://brightsec.com/blog/dns-amplification-attack/},
  abstract   = {Learn about DNS amplification attacks and DNS reflection-amplification attacks, how to detect them and how to protect your organization.},
  language   = {en-US},
  urldate    = {2023-05-09},
  journal    = {Bright Security},
  author     = {Dizdar, Admir},
  month      = oct,
  year       = {2021},
  file       = {Snapshot:/Users/andreaalberti/Zotero/storage/UFIFW6NY/dns-amplification-attack.html:text/html}
}

@article{dnsbaseddos,
  author  = {Fang, Lei and Wu, Hongbin and Qian, Kexiang and Wang, Wenhui and Han, Longxi},
  year    = {2021},
  month   = Sept,
  pages   = {012027},
  title   = {A Comprehensive Analysis of DDoS attacks based on DNS},
  volume  = {2024},
  journal = {Journal of Physics: Conference Series},
  doi     = {10.1088/1742-6596/2024/1/012027}
}

@article{alleviatingimpact,
  author  = {Wei-min, Li and Lu-ying, Chen and Zhen-ming, Lei},
  journal = {2010 Second International Conference on Networks Security, Wireless Communications and Trusted Computing},
  title   = {Alleviating the Impact of DNS DDoS Attacks},
  year    = {2010},
  volume  = {1},
  number  = {},
  pages   = {240-243},
  doi     = {10.1109/NSWCTC.2010.63}
}


@misc{taylor_four_2021,
  abstract   = {In a DNS attack, DNS is compromised or used as a vector. Learn about attack types and how to prevent, detect, and mitigate them with BlueCat.},
  author     = {Taylor, Rebekah},
  file       = {Snapshot:/Users/andreaalberti/Zotero/storage/AQ7UAJ3H/four-major-dns-attack-types-and-how-to-mitigate-them.html:text/html},
  journal    = {BlueCat Networks},
  language   = {en-US},
  month      = aug,
  title      = {Four major {DNS} attack types and how to mitigate them},
  url        = {https://bluecatnetworks.com/blog/four-major-dns-attack-types-and-how-to-mitigate-them/},
  urldate    = {2023-05-10},
  year       = {2021},
  bdsk-url-1 = {https://bluecatnetworks.com/blog/four-major-dns-attack-types-and-how-to-mitigate-them/}
}
 @article{DNSattackstype,
  author   = {Dizdar, Admir},
  title    = {5 DNS Attack Types and How To Prevent Them},
  url      = {https://brightsec.com/blog/dns-attack/},
  abstract = {Discover the 5 major types of DNS attacks, how they work, and a few easy ways you can defend your organization.},
  journal  = {Bright Security},
  year     = {2022},
  month    = May,
  language = {en-US}
}

 @misc{DDoSthreatreport,
  author       = {Yoachimik, Pacheco},
  title        = {DDoS threat report for 2023 Q1\_2023},
  url          = {http://blog.cloudflare.com/ddos-threat-report-2023-q1/},
  abstractnote = {Threat actors kicked off 2023 with a bang. The start of the year was characterized by a series of hacktivist campaigns against Western targets, and record-breaking hyper volumetric attacks},
  journal      = {The Cloudflare Blog},
  year         = {2023},
  month        = Apr,
  language     = {en}
}

@misc{hopcount,
  author  = {Jin, Cheng and Wang, Haining},
  journal = {ResearchGate},
  year    = {2003},
  month   = Jan,
  pages   = {},
  title   = {Hop-count filtering: an effective defense against spoofed DDoS traffic}
}

 @article{Devi_2015,
  title    = {Detection of DDoS Attack using Optimized Hop Count Filtering Technique},
  volume   = {8},
  issn     = {09746846, 09745645},
  doi      = {10.17485/ijst/2015/v8i26/83981},
  number   = {1},
  journal  = {Indian Journal of Science and Technology},
  author   = {Devi, G. Usha},
  year     = {2015},
  month    = Jan,
  pages    = {1–6},
  language = {en}
}

 @article{anycast,
  title   = {Anycast and Its Potential for DDoS Mitigation},
  isbn    = {978-3-319-39813-6},
  doi     = {10.1007/978-3-319-39814-3_16},
  author  = {de Vries, Wouter and Schmidt, Ricardo and Pras, Aiko},
  year    = {2016},
  month   = Jun,
  journal = {ResearchGate}
}

@misc{machinelearning,
  author = {Meitei, Irom and kh, Johnson and De, Tanmay},
  year   = {2016},
  month  = Aug,
  pages  = {1-6},
  title  = {Detection of DDoS DNS Amplification Attack Using Classification Algorithm},
  doi    = {10.1145/2980258.2980431}
}

@article{createDNS,
  title     = {A Deep Learning Approach to Create DNS Amplification Attacks},
  url       = {http://arxiv.org/abs/2206.14346},
  doi       = {10.1145/3535782.3535838},
  note      = {arXiv:2206.14346 [cs]},
  booktitle = {2022 4th International Conference on Management Science and Industrial Engineering (MSIE)},
  author    = {Mathews, Jared and Chatterjee, Prosenjit and Banik, Shankar and Nance, Cory},
  year      = {2022},
  month     = Apr,
  pages     = {429–435}
}


